1676 2404
368 67 1652 178 yanpa ytzticac. no tlapancallo. yoan in itlallo. yoan hetetl
374 142 1642 227 yn chinanyo. mochi ypan catqui. in pitura. yuan in
380 186 1658 271 machiotl. ynic omoneltilli. in posesion. auh inic ocon
384 246 1603 351 mochihuilico. posesio. quimoneltililia. quimotlalilia
364 306 1630 396 yn intocatzin. yoan yn infirmatzin. FFecho E mexco
384 358 1647 449 a unze dias del mes de otubre. de mill E quinientos E
382 425 917 505 chenta. y çinco años
364 502 578 719 Juo mIn
552 505 757 670 Po gero
612 572 775 629 nimo
942 518 1148 597 don mIn her
934 573 1144 639 nandez
1176 452 1380 632 Ante mi
1363 523 1534 708 Frco maldo
1424 613 1501 681 svno
