3739 5446
77 3743 627 3916 determina
77 3909 340 4042 sion
67 1214 605 1408 presentasion
788 17 3566 228 de mil setesientos i treinta i ocho años ahu in amo ticmati titlaculosque
782 139 3577 382 thotlatlahutilistica Oquimofirmarhui in toapoderadotzin mochihu
771 294 3587 548 tzinotica ipan toaltepehu ihuan es.no de la Republica yhuan seme
764 450 2072 720 testigos Por testigo i apoderado
2210 454 3517 696 Ante mi = Manuel de Paredez
895 578 2188 1110 Juan Soriano
2293 698 3347 901 D.n Antto Bilibaldo
2245 849 3356 1108 y flores Es.no de Repca
841 907 1726 1189 por testigo Juo de Mora
651 1112 3529 1376 ypan altepetl Azcapotzalco Mani metztli a quinse de Disiembre de
776 1283 3481 1437 mil Setesientos treinta i ocho años nican ipan tohuahudensia Mexica
734 1379 3457 1653 pan omonexiti Caxtiltecatzintle Sr D.n Antt.o Gonsales tersero Oqui
776 1536 3539 1744 moteixpantilili ixpantzinco Senca mahuistililonime Jues S.r Dn
764 1626 3557 1849 Visente ferrer Bautista ihuan Alcalde Dn Marcos Juan i lle mochin
764 1781 3493 2003 tin Ofisiales de Republica itehcacopa Se tlali OquimoCohuitzino
776 1907 3505 2151 icqui nese ihuan mota inpan in escritura de benta Oquimochi
758 2032 3529 2290 huililique in tlalnamacaque ahu quemotlania Anparo de pose
740 2156 3541 2389 Sion ahu in icuac Oquimocaquiltique in senca Mahuistililoni
776 2299 3493 2544 me tlatoque ineitlanilistzin in Caxtiltecatl niman Omotlana
764 2441 3511 2676 huatilique ihuan motlanahuatilia panolos inpan in tlali omote
782 2580 3541 2773 nehu ahu inic neltilistle nican quimotlalilia intocatzin yhuan
776 2702 2084 2939 infirmatzin yCa testigos
685 2860 1755 3179 Por testigo yApoderado =
481 3029 1887 3759 Juan Soriano
1936 2816 2696 3158 Dn Marcos Juan
1881 2981 2300 3150 Alcalde
2651 2734 3541 3101 Dn Vicente ferrer Batta
2852 2865 3037 3020 Govr
2702 3023 3526 3394 Manuel de Paredez
1875 3132 2481 3345 Ante mi
1946 3297 2994 3457 D.n Antt.o Bilibaldo
1910 3438 3135 3860 y flores Es.no de Repca
704 3605 3481 4010 Sano ypan in tonali metztli yhuan Xihuitl tlacpac Omotenehu
788 3958 3463 4136 otipanoque ipan in itlaltzin Caxtiltecatl Sr Dn Antt.o Gonsales
776 4070 3457 4276 terSero ahu i lle ipan in tlali Onemanaloc Onitlanahuati yhua
806 4192 3469 4420 nitlanahuatia ma monotzacan in tlaxilacaleque Sto Domin
769 4322 3457 4607 go hueXotitla yhuan i tlaxilacaleque Sn Simon poxtlan
782 4460 3433 4728 yhuan Bartholome de Bargas Canel inteh tzalictica
800 4625 3469 4891 intlan ipan in itlalcoaltzin Omotenehutzino Caxtiltecatl
788 4776 3445 5041 inic motlatlanisque Cux lle neli melahuac imaxca in tlalna
788 4920 3451 5202 maCaque anose aca iaxca nose tlaxilacallali ahu inic
