1577 2429
364 66 1532 162 llia. yn calli. cemicac ytechpohuiz. in melchior deparada. Español
364 115 1530 208 ayac cepa conixtoquilliz. ypampa ca ye hueliasca. ytlatqui.
370 163 1534 255 quiten in macuilpohualli. pos ynic oquipatioti. calli. yn aquin
364 213 1538 304 chalaniz. in tlatlacoz. yc tlatzacuiltilloz. in melahuac Justia caltza
366 255 1534 361 lloz. in carcel. yhuan ompohualpa. mecahuitecoz teyxpan. y
368 303 1538 408 omotlanahuatilli. yc oqmoneltilili oquimotlalili. yn itocatz
364 391 796 496 yhuan yfirmatzin.
550 439 931 589 A Valrno
1115 352 1402 498 Ante mi
1287 413 1529 611 Frco maldo
1408 505 1486 552 svno.
344 655 1534 790 Yn ipan axca cemilhuitl. a diez dias del mes de otubre. de mill E
380 708 1538 800 nientos E ochenta y çinco. años. yxpantzinco. in Señor. Juez
380 772 1558 857 onez. in melchior deparada. Español ytlatoltica conmononochilli
377 812 1558 914 yuh conitohua. ca onimacoc. in calli. yhuan ca omochiuh rremate
366 883 1524 957 ypampa nicnotlatlauhtillia. in tlatocayotl. manimaco. niposes
388 928 1552 1020 inic nicemaxcatilloz. in calli. omoteneuh. Yn iquac oquimo
376 987 1536 1080 ti. señor. Juez. gouero cenca oqmopaccacelili. yn itlaytlanilliz
380 1037 1554 1141 melchior deparada. Español. yc niman oqmixquechilli yn y
368 1104 1570 1184 huatzin Juan mIn. ynic yehuatzin. posesion conmomaquilliz.
430 1221 684 1348 Antonio
459 1302 741 1385 Valrno
958 1215 1274 1386 Ante mi
1186 1284 1430 1479 Frco maldo
1288 1365 1413 1422 svno
345 1519 1542 1665 Ymahuiztililonime señores Juo mIn, don mIn hernande
390 1606 1566 1691 po geronimo. pablo xuarez, ualmouicaque in nican inp
390 1648 1556 1731 tlaxilacalli. huehuecalco. posesio. conmochiuillico. con
384 1707 1544 1789 ce maxcatillico. yn icalcoual. yni tlalcoual. in melchior
380 1762 1540 1842 parrada. Español. ynic oconan posesion. ytic ocallac in
376 1865 1543 1966 nenen. in tlalli. in chinamitl. ayac tle oquito. ayac otla
382 1915 1538 1997 challani. yn ipan omochiuh  in to. po de sanctoval Juo de g
374 1967 1520 2047 Españoles yoan melchior henandez, dio quetzalmitl. Franco J
368 2008 1539 2106 yuan alguazilles po haca mIn. quauhtli. po. hahuexotl
343 2071 998 2152 yeuantin oquimamanque yn.
1149 2074 1542 2158 ynic omoneltill
380 2131 1545 2214 posesion. auh in iquicac in calli. centetl. tonatiuh ycallaq
373 2180 1542 2248 pa ytzticac tlapancallo. ynic ontetl calli. çan no tonatiuh
378 2231 1542 2355 callaquianpa itzticac. Yn iquetetl. calli. tonatiuh yq
