3793 5441
77 1311 686 1470 Escritura de
61 1461 429 1619 Benta
250 1687 566 1789 Año de
280 1812 530 1909 1738
3370 106 3555 208 61
781 863 3740 1238 Ma quimatican Yn quexquichtin quitasque yhuan quipohuasque Ynin
775 1137 3782 1353 esCritura de Benta ticchihua Yn tehuantin . Salbador fran.co yhuan Nona
775 1253 3782 1528 mictzin . Maria de la consecpsion totlaxilacaltlia S. fran.co tzapotla Yhuan Jose
752 1393 3695 1685 ph de Santiago Nonamictzin Rosa Maria totlaxilacaltia S. Lucas Atenco
781 1530 3776 1798 tohualtepeuh, S. Phelipe i Santiago Azcapotzalco itlahuilanal Villa tlacopa
769 1690 3782 1978 tiquitohua timochintin yn otitotenehuque Ca ticpie totlalnemac Oncan Mani motene
763 1830 3764 2070 hua chimalchicca huel ixquich . ompohuali brasadas inic Oriente a poniente
775 1932 3788 2270 ahu inic patlahuac Quipie tzenpohuali brasadas de norte a sur huahu inin tlali
787 2102 3752 2406 omotenechu yc Oriente mocuaxohnamiqui ica itlal Bartholome de Vargas
775 2258 3746 2533 ahu inin poniente Mocuaxochnamiqui ica in huey Otli tlamelahua Cuahu
772 2397 3788 2749 panahuasco ihuan ica itlaltzin ipilhuantzitzi micCatzintle Sr Andres Gon
767 2554 3780 2904 tzales ahu inic norte moCuaxohnamiqui ica intlal tlaxilacaleque S. Simon
799 2693 3788 2989 poxtlan ahu inic Sur moCuaxohnamiqui ica intlal tlaxilacaleque S.to
771 2876 3777 3171 Domingo huexotlitla ahu inin tlali omotenehu Ca tollolo ica totlanequili
799 3026 3734 3269 stica tictonamaquiltililia i llehuatzin Caxtiltecatzintle S.r Dn Antt.o Gon
779 3198 3728 3419 Sales tersero de tohueitatzin S. franco ahu in tehmomaquilia in ipatihu
823 3347 3716 3544 totlal Ca huel ichxquih matlactle p.s ahu inin tomin tictzelia Camo toteh
775 3478 3731 3712 monequis Ca misas ic mochihuas ipan nesi yhuan motta in itestamento y
823 3600 3722 3855 n tahcoltzin D.n Esban Diego ipan in ontlamanpa ihuan in lletlamanpa
835 3768 3728 4001 itlatoltzin Ca huel totlalnemac ahu in axcan Cacmo ticpie tlein tiqui
835 3921 3716 4155 tlanisque in tehuantin anose topilhuan anose toxhuihuan tlacatisque a
847 4045 3716 4278 noSe tlacatiquihue acmo intlatohuallan yes Canel huel tollolo ica tictona
847 4194 3713 4449 maquiltilique in omotenehutzino Caxtiltecatzintle Sr Dn Antt.o Gon.es
847 4350 3633 4561 ahu tla itla amatl nesitihu Cacmo neltocos ica Ca huel nestica ipan
853 4504 3704 4677 in huehue testamento Ca tlalcohuali ihuan totlalnemac ahu inic nel
853 4664 3663 4866 tilistle nican tictomaquilia inin esCritura de Benta in tzemallan
847 4794 3698 5006 tictotlatquitililia tictoaxcatililia in omotenehutzino tlalcoccatzintle
847 4922 3669 5150 acmo ticpie tlein tiquitlanisque inpan in omotenehu tlali inic tictemac
871 5061 3681 5280 a inin eSCritura de Benta axcan mani mextli a Ocho de disiem
